@article {hprc,
	author = {Liao, Wen-Wei and Asri, Mobin and Ebler, Jana and Doerr, Daniel and Haukness, Marina and Hickey, Glenn and Lu, Shuangjia and Lucas, Julian K. and Monlong, Jean and Abel, Haley J. and Buonaiuto, Silvia and Chang, Xian H. and Cheng, Haoyu and Chu, Justin and Colonna, Vincenza and Eizenga, Jordan M. and Feng, Xiaowen and Fischer, Christian and Fulton, Robert S. and Garg, Shilpa and Groza, Cristian and Guarracino, Andrea and Harvey, William T and Heumos, Simon and Howe, Kerstin and Jain, Miten and Lu, Tsung-Yu and Markello, Charles and Martin, Fergal J. and Mitchell, Matthew W. and Munson, Katherine M. and Mwaniki, Moses Njagi and Novak, Adam M. and Olsen, Hugh E. and Pesout, Trevor and Porubsky, David and Prins, Pjotr and Sibbesen, Jonas A. and Tomlinson, Chad and Villani, Flavia and Vollger, Mitchell R. and , and Bourque, Guillaume and Chaisson, Mark JP and Flicek, Paul and Phillippy, Adam M. and Zook, Justin M. and Eichler, Evan E. and Haussler, David and Jarvis, Erich D. and Miga, Karen H. and Wang, Ting and Garrison, Erik and Marschall, Tobias and Hall, Ira and Li, Heng and Paten, Benedict},
	title = {A Draft Human Pangenome Reference},
	elocation-id = {2022.07.09.499321},
	year = {2022},
	doi = {10.1101/2022.07.09.499321},
	publisher = {Cold Spring Harbor Laboratory},
	URL = {https://www.biorxiv.org/content/early/2022/07/09/2022.07.09.499321},
	eprint = {https://www.biorxiv.org/content/early/2022/07/09/2022.07.09.499321.full.pdf},
	journal = {bioRxiv}
}
@article {mc,
	author = {Hickey, Glenn and Monlong, Jean and Novak, Adam and Eizenga, Jordan M. and , and Li, Heng and Paten, Benedict},
	title = {Pangenome Graph Construction from Genome Alignment with Minigraph-Cactus},
	elocation-id = {2022.10.06.511217},
	year = {2022},
	doi = {10.1101/2022.10.06.511217},
	publisher = {Cold Spring Harbor Laboratory},
	URL = {https://www.biorxiv.org/content/early/2022/10/07/2022.10.06.511217},
	eprint = {https://www.biorxiv.org/content/early/2022/10/07/2022.10.06.511217.full.pdf},
	journal = {bioRxiv}
}
@article{odgi,
    author = {Guarracino, Andrea and Heumos, Simon and Nahnsen, Sven and Prins, Pjotr and Garrison, Erik},
    title = "{ODGI: understanding pangenome graphs}",
    journal = {Bioinformatics},
    volume = {38},
    number = {13},
    pages = {3319-3326},
    year = {2022},
    month = {05},
    issn = {1367-4803},
    doi = {10.1093/bioinformatics/btac308},
    url = {https://doi.org/10.1093/bioinformatics/btac308},
    eprint = {https://academic.oup.com/bioinformatics/article-pdf/38/13/3319/44268770/btac308\_supplementary\_data.pdf},
}
